<?xml version="1.0" encoding="UTF-8"?>
<record>
  <leader>01192nam a2200325 c 4500</leader>
  <controlfield tag="003">DE-605</controlfield>
  <controlfield tag="005">20250328142503.0</controlfield>
  <controlfield tag="007">ta</controlfield>
  <controlfield tag="008">240918s2013    ja ||||||||||u||| | jpn|c</controlfield>
  <controlfield tag="001">99374608440706441</controlfield>
  <datafield tag="020" ind1=" " ind2=" ">
    <subfield code="a">9784104041046</subfield>
    <subfield code="c">1800円+税</subfield>
    <subfield code="9">978-4-10-404104-6</subfield>
  </datafield>
  <datafield tag="035" ind1=" " ind2=" ">
    <subfield code="a">(DE-605)HT030850057</subfield>
  </datafield>
  <datafield tag="040" ind1=" " ind2=" ">
    <subfield code="a">DE-61</subfield>
    <subfield code="b">ger</subfield>
    <subfield code="c">DE-61</subfield>
    <subfield code="d">DE-61</subfield>
  </datafield>
  <datafield tag="041" ind1=" " ind2=" ">
    <subfield code="a">jpn</subfield>
  </datafield>
  <datafield tag="044" ind1=" " ind2=" ">
    <subfield code="c">XB-JP</subfield>
  </datafield>
  <datafield tag="084" ind1=" " ind2=" ">
    <subfield code="a">KH881</subfield>
    <subfield code="2">NDLC</subfield>
  </datafield>
  <datafield tag="084" ind1=" " ind2=" ">
    <subfield code="a">913.6</subfield>
    <subfield code="2">NDC9</subfield>
  </datafield>
  <datafield tag="100" ind1="1" ind2=" ">
    <subfield code="6">880-01</subfield>
    <subfield code="a">Murata, Kiyoko</subfield>
    <subfield code="d">1945-</subfield>
    <subfield code="0">(DE-588)172268346</subfield>
    <subfield code="4">aut</subfield>
    <subfield code="0">https://d-nb.info/gnd/172268346</subfield>
    <subfield code="0">http://viaf.org/viaf/23674189</subfield>
    <subfield code="B">GND-172268346</subfield>
  </datafield>
  <datafield tag="880" ind1="1" ind2=" ">
    <subfield code="6">100-01/Jpan</subfield>
    <subfield code="a">村田, 喜代子</subfield>
  </datafield>
  <datafield tag="245" ind1="1" ind2="0">
    <subfield code="6">880-02</subfield>
    <subfield code="a">Yūjokō</subfield>
    <subfield code="c">Murata Kiyoko</subfield>
  </datafield>
  <datafield tag="880" ind1="1" ind2="0">
    <subfield code="6">245-02/Jpan</subfield>
    <subfield code="a">ゆうじょこう</subfield>
    <subfield code="9">F:331</subfield>
  </datafield>
  <datafield tag="880" ind1="1" ind2="0">
    <subfield code="6">245-02/Jpan</subfield>
    <subfield code="a">村田喜代子</subfield>
    <subfield code="9">F:359</subfield>
  </datafield>
  <datafield tag="264" ind1=" " ind2="1">
    <subfield code="6">880-03</subfield>
    <subfield code="a">Tōkyō</subfield>
    <subfield code="b">Shinchōsha</subfield>
    <subfield code="c">2013-nen 4-gatsu 25-nichi</subfield>
  </datafield>
  <datafield tag="880" ind1=" " ind2="1">
    <subfield code="6">264-03/</subfield>
    <subfield code="a">東京</subfield>
    <subfield code="b">新潮社</subfield>
    <subfield code="c">2013年4月25日</subfield>
  </datafield>
  <datafield tag="300" ind1=" " ind2=" ">
    <subfield code="a">317p</subfield>
    <subfield code="c">20cm</subfield>
  </datafield>
  <datafield tag="035" ind1=" " ind2=" ">
    <subfield code="a">(NII)BB12720700</subfield>
  </datafield>
  <datafield tag="035" ind1=" " ind2=" ">
    <subfield code="a">(DE-599)HBZHT030850057</subfield>
  </datafield>
  <datafield tag="960" ind1="1" ind2=" ">
    <subfield code="f">jap</subfield>
  </datafield>
  <datafield tag="500" ind1=" " ind2=" ">
    <subfield code="a">参考文献: 巻末</subfield>
  </datafield>
  <datafield tag="546" ind1=" " ind2=" ">
    <subfield code="b">In japanischer Schrift</subfield>
  </datafield>
  <datafield tag="MBD" ind1=" " ind2=" ">
    <subfield code="M">49HBZ_NETWORK</subfield>
    <subfield code="i">99374608440706441</subfield>
    <subfield code="n">HBZ Network</subfield>
  </datafield>
  <datafield tag="MBD" ind1=" " ind2=" ">
    <subfield code="M">49HBZ_DUE</subfield>
    <subfield code="i">9947678886406443</subfield>
    <subfield code="n">Universität Düsseldorf</subfield>
  </datafield>
  <datafield tag="MNG" ind1=" " ind2=" ">
    <subfield code="c">SIEPMANN######49HBZ_DUE</subfield>
    <subfield code="f">NACSIS (Katakana) NZ</subfield>
    <subfield code="i">marc21</subfield>
    <subfield code="l">60</subfield>
    <subfield code="k">01</subfield>
    <subfield code="e">false</subfield>
    <subfield code="d">2025-03-28 14:25:03 Europe/Berlin</subfield>
    <subfield code="g">99374608440706441</subfield>
    <subfield code="j">50</subfield>
    <subfield code="a">SIEPMANN######49HBZ_DUE</subfield>
    <subfield code="b">2024-09-18 15:15:11 Europe/Berlin</subfield>
  </datafield>
  <datafield tag="H52" ind1="8" ind2=" ">
    <subfield code="b">X0001</subfield>
    <subfield code="c">00</subfield>
    <subfield code="h">nc/k7111</subfield>
    <subfield code="8">22392280590006443</subfield>
  </datafield>
  <datafield tag="HOL" ind1=" " ind2=" ">
    <subfield code="d">2025-03-28 13:23:24</subfield>
    <subfield code="8">22392280590006443</subfield>
    <subfield code="b">2024-09-18 13:15:44</subfield>
    <subfield code="M">49HBZ_DUE</subfield>
    <subfield code="g">false</subfield>
    <subfield code="a">Acquisition (PO line ULBD-24-27278)</subfield>
    <subfield code="c">SIEPMANN</subfield>
  </datafield>
  <datafield tag="ITM" ind1=" " ind2=" ">
    <subfield code="H">22392280590006443</subfield>
    <subfield code="x">00</subfield>
    <subfield code="f">BOOK</subfield>
    <subfield code="v">00</subfield>
    <subfield code="p">11</subfield>
    <subfield code="X">honigman</subfield>
    <subfield code="U">2025-01-21 15:24:41 Europe/Berlin</subfield>
    <subfield code="Y">2025-03-31 15:24:42 Europe/Berlin</subfield>
    <subfield code="h">false</subfield>
    <subfield code="G">1</subfield>
    <subfield code="M">49HBZ_DUE</subfield>
    <subfield code="s">1</subfield>
    <subfield code="d">8</subfield>
    <subfield code="V">Acquisition (PO line ULBD-24-27278)</subfield>
    <subfield code="b">153688101</subfield>
    <subfield code="a">23392280580006443</subfield>
    <subfield code="c">nc/k7111</subfield>
    <subfield code="S">ULBD-24-27278</subfield>
    <subfield code="D">2025-01-21 14:24:41</subfield>
    <subfield code="W">2024-09-18 15:15:44 Europe/Berlin</subfield>
    <subfield code="u">X0001</subfield>
    <subfield code="w">X0001</subfield>
  </datafield>
  <datafield tag="GPN" ind1="0" ind2=" ">
    <subfield code="a">Murata Kiyoko</subfield>
    <subfield code="d">1945-</subfield>
    <subfield code="A">GND</subfield>
    <subfield code="B">GND-172268346</subfield>
    <subfield code="C">400</subfield>
  </datafield>
  <datafield tag="GPN" ind1="0" ind2=" ">
    <subfield code="9">U:Jpan</subfield>
    <subfield code="a">村田喜代子</subfield>
    <subfield code="d">1945-</subfield>
    <subfield code="A">GND</subfield>
    <subfield code="B">GND-172268346</subfield>
    <subfield code="C">400</subfield>
  </datafield>
  <datafield tag="GSI" ind1="7" ind2=" ">
    <subfield code="a">172268346</subfield>
    <subfield code="0">http://d-nb.info/gnd/172268346</subfield>
    <subfield code="2">gnd</subfield>
    <subfield code="A">GND</subfield>
    <subfield code="B">GND-172268346</subfield>
    <subfield code="C">024</subfield>
  </datafield>
</record>
